
@book{Adams2008,
  address = {{Amsterdam}},
  author = {Adams, Robert A. and Fournier, John J. F.},
  edition = {2. ed., Reprinted},
  isbn = {978-0-12-044143-3},
  language = {eng},
  note = {OCLC: 553037242},
  number = {140},
  publisher = {{Acad. Press}},
  series = {Pure and Applied Mathematics},
  title = {Sobolev Spaces},
  year = {2008}
}

@article{Almgren1966,
  author = {Almgren, F. J.},
  doi = {10/chw3gv},
  journal = {Annals of Mathematics. Second Series},
  pages = {277--292},
  title = {Some Interior Regularity Theorems for Minimal Surfaces and an Extension of {{Bernstein}}'s Theorem},
  volume = {84},
  year = {1966}
}

@article{Anderson1985,
  author = {Anderson, G. D. and Vamanamurthy, M. K.},
  journal = {Publications de l'Institut Math{\'e}matique (Beograd)},
  pages = {61-63},
  title = {Inequalities for {{Elliptic Integrals}}},
  volume = {37(51)},
  year = {1985}
}

@book{Armitage2006,
  address = {{Cambridge}},
  author = {Armitage, J.V. and Eberlein, W.F.},
  isbn = {978-1-139-45749-1},
  publisher = {{Cambridge University Press}},
  series = {London {{Mathematical Society Student Texts}}},
  title = {Elliptic {{Functions}}},
  url = {https://books.google.com.au/books?id=zyxAb4ro-oMC},
  volume = {67},
  year = {2006}
}

@article{Atiyah1983,
  author = {Atiyah, M. F. and Bott, R.},
  doi = {10.1098/rsta.1983.0017},
  issn = {1364-503X, 1471-2962},
  journal = {Philosophical Transactions of the Royal Society A: Mathematical, Physical and Engineering Sciences},
  language = {en},
  month = mar,
  number = {1505},
  pages = {523-615},
  title = {The {{Yang}}-{{Mills Equations}} over {{Riemann Surfaces}}},
  volume = {308},
  year = {1983}
}

@article{Avritzer2010,
  author = {Avritzer, D. and Lange, H. and Ribeiro, F. A.},
  doi = {10.1007/s00574-010-0020-1},
  issn = {1678-7544, 1678-7714},
  journal = {Bulletin of the Brazilian Mathematical Society, New Series},
  language = {en},
  month = sep,
  number = {3},
  pages = {421-447},
  title = {Torsion-Free Sheaves on Nodal Curves and Triples},
  volume = {41},
  year = {2010}
}

@book{Balaji,
  author = {Balaji, T E Venkata},
  isbn = {978-3-941875-32-6},
  title = {An {{Introduction}} to {{Families}}, {{Deformations}} and {{Moduli}}}
}

@article{Basar2011,
  archivePrefix = {arXiv},
  author = {Basar, Gokce and Dunne, Gerald V.},
  doi = {10/fr94p3},
  eprint = {1011.3835},
  eprinttype = {arxiv},
  issn = {1029-8479},
  journal = {Journal of High Energy Physics},
  month = jan,
  number = {1},
  pages = {127},
  title = {Gross-{{Neveu Models}}, {{Nonlinear Dirac Equations}}, {{Surfaces}} and {{Strings}}},
  volume = {2011},
  year = {2011}
}

@phdthesis{Beck,
  address = {{University of T{\"u}bingen}},
  author = {Beck, Florian},
  month = mar,
  title = {Abelianization of Flat {{Lawson}} Symmetric Connections},
  type = {Masters {{Thesis}}},
  url = {https://sites.google.com/view/florianbeckmath/},
  year = {2013}
}

@book{Bennett1988,
  address = {{Boston}},
  author = {Bennett, Colin and Sharpley, Robert C.},
  isbn = {978-0-12-088730-9},
  lccn = {QA3 QA329 .P8 vol. 129},
  number = {v. 129},
  publisher = {{Academic Press}},
  series = {Pure and Applied Mathematics},
  title = {Interpolation of Operators},
  year = {1988}
}

@article{Bertola2006,
  author = {Bertola, M},
  journal = {Concordia University, Montreal Canada},
  title = {Riemann Surfaces and Theta Functions},
  url = {http://www.mathstat.concordia.ca/faculty/bertola/ThetaCourse/ThetaCourse.pdf},
  year = {2006}
}

@article{Bismut1986,
  author = {Bismut, Jean-Michel and Freed, Daniel S.},
  doi = {10.1007/BF01210930},
  issn = {0010-3616, 1432-0916},
  journal = {Communications in Mathematical Physics},
  language = {en},
  month = mar,
  number = {1},
  pages = {159-176},
  title = {The Analysis of Elliptic Families. {{I}}. {{Metrics}} and Connections on Determinant Bundles},
  volume = {106},
  year = {1986}
}

@article{Bobenko1991,
  author = {Bobenko, Alexander I.},
  doi = {10.1007/BF01459243},
  journal = {Mathematische Annalen},
  number = {2},
  pages = {209-245},
  title = {All constant mean curvature tori in $\mathbf{R}^3,\;{S}^3,\;{H}^3$ in terms of theta-functions},
  volume = {290},
  year = {1991}
}

@article{Bohle2009,
  author = {Bohle, Christoph and Pedit, Franz and Pinkall, Ulrich},
  doi = {10/bn87d7},
  issn = {0025-2611, 1432-1785},
  journal = {Manuscripta Mathematica},
  language = {en},
  month = nov,
  number = {3},
  pages = {311-352},
  title = {The Spectral Curve of a Quaternionic Holomorphic Line Bundle over a 2-Torus},
  volume = {130},
  year = {2009}
}

@article{Bohle2012,
  author = {Bohle, Christoph and Leschke, Katrin and Pedit, Franz and Pinkall, Ulrich},
  doi = {10.1515/CRELLE.2011.156},
  issn = {1435-5345, 0075-4102},
  journal = {Journal f{\"u}r die reine und angewandte Mathematik (Crelles Journal)},
  month = jan,
  number = {671},
  pages = {1-30},
  title = {Conformal Maps from a 2-Torus to the 4-Sphere},
  volume = {2012},
  year = {2012}
}

@article{Borel1953,
  author = {Borel, Armand},
  doi = {10/bfbtwj},
  issn = {0003486X},
  journal = {The Annals of Mathematics},
  month = jan,
  number = {1},
  pages = {115},
  title = {Sur {{La Cohomologie}} Des {{Espaces Fibres Principaux}} et Des {{Espaces Homogenes}} de {{Groupes}} de {{Lie Compacts}}},
  volume = {57},
  year = {1953}
}

@article{Borodzik2016,
  author = {Borodzik, Maciej and N{\'e}methi, Andr{\'a}s and Ranicki, Andrew},
  doi = {10/gf43dh},
  issn = {1472-2739, 1472-2747},
  journal = {Algebraic \& Geometric Topology},
  language = {en},
  month = apr,
  note = {https://arxiv.org/abs/1207.3066},
  number = {2},
  pages = {971-1023},
  title = {Morse Theory for Manifolds with Boundary},
  volume = {16},
  year = {2016}
}

@book{Bottazzini2013,
  address = {{New York}},
  author = {Bottazzini, Umberto and Gray, Jeremy},
  isbn = {978-1-4614-5724-4},
  publisher = {{Springer}},
  series = {Sources and {{Studies}} in the {{History}} of {{Mathematics}} and {{Physical Sciences}}},
  title = {Hidden {{Harmony}} \textemdash{} {{Geometric Fantasies}}},
  year = {2013}
}

@article{Boucher2006,
  author = {Boucher, Andrew},
  number = {February},
  pages = {0-122},
  title = {Arithmetic {{Without}} the {{Successor Axiom}}},
  url = {http://citeseerx.ist.psu.edu/viewdoc/summary?doi=10.1.1.85.3071},
  year = {2006}
}

@article{Bradlow2007,
  author = {Bradlow, Steven B. and {Gar{\'c}ia-Prada}, Oscar and Gothen, Peter B.},
  issn = {0002-9920},
  journal = {Notices of the American Mathematical Society},
  number = {8},
  pages = {980-981},
  title = {What Is a {{Higgs Bundle}}?},
  url = {http://www.ams.org/notices/200708/tx070800980p.pdf?pagewanted=all},
  volume = {54},
  year = {2007}
}

@article{Brendle2013,
  archiveprefix = {arXiv},
  arxivid = {arXiv:1203.6597},
  author = {Brendle, Simon},
  doi = {10.1007/s11511-013-0101-2},
  issn = {00015962},
  journal = {Acta Mathematica},
  number = {2},
  pages = {177-190},
  title = {Embedded minimal tori in ${S}^3$ and the Lawson conjecture},
  volume = {211},
  year = {2013}
}

@article{Brendle2013a,
  archivePrefix = {arXiv},
  author = {Brendle, S.},
  eprint = {1307.6938},
  eprinttype = {arxiv},
  journal = {arXiv:1307.6938 [math]},
  month = jul,
  primaryClass = {math},
  shorttitle = {Minimal Surfaces in {{S}}\^3},
  title = {Minimal Surfaces in {{S}}\^3: A Survey of Recent Results},
  url = {http://arxiv.org/abs/1307.6938},
  urldate = {2019-09-13},
  year = {2013}
}

@book{Brown2006,
  address = {{Deganwy}},
  author = {Brown, Ronald and Brown, Ronald},
  edition = {Rev., updated, and expanded version},
  isbn = {978-1-4196-2722-4},
  lccn = {QA611.A3 B76 2006},
  publisher = {{www.groupoids.org}},
  title = {Topology and Groupoids},
  year = {2006}
}

@article{Bryant1984,
  author = {Bryant, Robert L.},
  doi = {10.4310/jdg/1214438991},
  issn = {0022-040X},
  journal = {Journal of Differential Geometry},
  language = {en},
  number = {1},
  pages = {23-53},
  title = {A Duality Theorem for {{Willmore}} Surfaces},
  volume = {20},
  year = {1984}
}

@article{Bryant2015arxiv,
  archiveprefix = {arXiv},
  arxivid = {1507.01485},
  author = {Bryant, Robert L.},
  pages = {1-13},
  title = {On the Conformal Volume of 2-Tori},
  url = {http://arxiv.org/abs/1507.01485},
  volume = {8352009},
  year = {2015}
}

@book{Buchstaber2008,
  address = {{Providence, Rhode Island}},
  doi = {10.1090/trans2/224},
  editor = {Buchstaber, V. and Krichever, I.},
  isbn = {978-0-8218-4674-2 978-1-4704-3434-2},
  language = {en},
  month = aug,
  publisher = {{American Mathematical Society}},
  series = {American {{Mathematical Society Translations}}: {{Series}} 2},
  title = {Geometry, {{Topology}}, and {{Mathematical Physics}}},
  url = {http://www.ams.org/trans2/224},
  urldate = {2019-07-17},
  volume = {224},
  year = {2008}
}

@article{Burstall1993,
  author = {Burstall, Francis and Ferus, Dirk and Pedit, Franz and Pinkall, Ulrich},
  doi = {10.2307/2946637},
  issn = {0003-486X},
  journal = {Annals of Mathematics. Second Series},
  number = {1},
  pages = {173-212},
  title = {Harmonic Tori in Symmetric Spaces and Commuting {{Hamiltonian}} Systems on Loop Algebras},
  volume = {138},
  year = {1993}
}

@incollection{Burstall1994,
  address = {{Wiesbaden}},
  author = {Burstall, F. E. and Pedit, F.},
  booktitle = {Harmonic {{Maps}} and {{Integrable Systems}}},
  doi = {10.1007/978-3-663-14092-4_11},
  editor = {Diederich, Klas and Fordy, A. P. and Wood, J. C.},
  isbn = {978-3-528-06554-6 978-3-663-14092-4},
  pages = {221-272},
  publisher = {{Vieweg+Teubner Verlag}},
  title = {Harmonic Maps via {{Adler}}\textemdash{{Kostant}}\textemdash{{Symes}} Theory},
  url = {http://link.springer.com/10.1007/978-3-663-14092-4_11},
  urldate = {2017-09-22},
  volume = {E 23},
  year = {1994}
}

@article{Burstall1995,
  author = {Burstall, F. E.},
  doi = {10.1515/crll.1995.469.149},
  issn = {0075-4102},
  journal = {Journal f{\"u}r die Reine und Angewandte Mathematik. [Crelle's Journal]},
  pages = {149--177},
  title = {Harmonic Tori in Spheres and Complex Projective Spaces},
  volume = {469},
  year = {1995}
}

@article{Burstall1995a,
  author = {Burstall, F. E. and Pedit, F.},
  doi = {10.1215/S0012-7094-95-08015-6},
  issn = {0012-7094},
  journal = {Duke Mathematical Journal},
  language = {en},
  month = nov,
  number = {2},
  pages = {353-382},
  title = {Dressing Orbits of Harmonic Maps},
  volume = {80},
  year = {1995}
}

@article{Burstall1997,
  author = {Burstall, F. E. and Guest, M. A.},
  doi = {10.1007/s002080050127},
  issn = {0025-5831},
  journal = {Mathematische Annalen},
  number = {4},
  pages = {541--572},
  title = {Harmonic Two-Spheres in Compact Symmetric Spaces, Revisited},
  volume = {309},
  year = {1997}
}

@article{Burstall2002,
  author = {Burstall, Francis and {Hertrich-Jeromin}, Udo},
  doi = {10.1007/s002290200269},
  issn = {0025-2611},
  journal = {Manuscripta Mathematica},
  number = {2},
  pages = {171--189},
  title = {Harmonic Maps in Unfashionable Geometries},
  volume = {108},
  year = {2002}
}

@book{Burstall2002a,
  address = {{Berlin, Heidelberg}},
  author = {Burstall, Francis E. and Ferus, Dirk and Leschke, Katrin and Pedit, Franz and Pinkall, Ulrich},
  doi = {10.1007/b82935},
  isbn = {978-3-540-43008-7 978-3-540-45301-7},
  language = {en},
  publisher = {{Springer Berlin Heidelberg}},
  series = {Lecture {{Notes}} in {{Mathematics}}},
  title = {Conformal {{Geometry}} of {{Surfaces}} in {{S4}} and {{Quaternions}}},
  url = {http://link.springer.com/10.1007/b82935},
  urldate = {2019-06-03},
  volume = {1772},
  year = {2002}
}

@article{Burstall2006,
  archivePrefix = {arXiv},
  author = {Burstall, F. E. and Kilian, M.},
  doi = {10.1093/qmath/hal005},
  eprint = {math/0507474},
  eprinttype = {arxiv},
  issn = {1464-3847, 0033-5606},
  journal = {The Quarterly Journal of Mathematics},
  language = {en},
  month = dec,
  number = {4},
  pages = {449-468},
  title = {Equivariant Harmonic Cylinders},
  volume = {57},
  year = {2006}
}

@article{Burstall2013,
  author = {Burstall, F. E. and Dorfmeister, J. F. and Leschke, K. and Quintino, A. C.},
  doi = {10.1007/s00229-012-0537-2},
  issn = {0025-2611, 1432-1785},
  journal = {Manuscripta Mathematica},
  language = {en},
  month = jan,
  number = {1-2},
  pages = {213-236},
  title = {Darboux Transforms and Simple Factor Dressing of Constant Mean Curvature Surfaces},
  volume = {140},
  year = {2013}
}

@article{Burstall2019,
  archivePrefix = {arXiv},
  author = {Burstall, F. E.},
  eprint = {1904.02574},
  eprinttype = {arxiv},
  journal = {arXiv:1904.02574 [math]},
  month = apr,
  primaryClass = {math},
  title = {On Conformal {{Gauss}} Maps},
  url = {http://arxiv.org/abs/1904.02574},
  urldate = {2019-09-24},
  year = {2019}
}

@book{Caporaso2012,
  address = {{Cambridge ; New York}},
  editor = {Caporaso, Lucia},
  isbn = {978-0-521-76825-2},
  lccn = {QA564 .C866 2012},
  number = {59},
  publisher = {{Cambridge University Press}},
  series = {Mathematical Sciences Research Institute Publications},
  title = {Current Developments in Algebraic Geometry},
  year = {2012}
}

@phdthesis{Carberry2002,
  archiveprefix = {arXiv},
  arxivid = {math/0407296},
  author = {Carberry, Emma},
  month = jan,
  primaryclass = {math},
  school = {Princeton University},
  title = {On the Existence of Minimal Tori in ${S}^3$ of Arbitrary Spectral Genus},
  url = {http://arxiv.org/abs/math/0407296},
  year = {2002}
}

@article{Carberry2007,
  archiveprefix = {arXiv},
  arxivid = {arXiv:math/0407304v2},
  author = {Carberry, Emma},
  doi = {10.2140/pjm.2007.233.41},
  journal = {Pacific Journal of Mathematics},
  number = {1},
  pages = {41-69},
  primaryclass = {arXiv:math},
  title = {Minimal tori in ${S}^3$},
  volume = {223},
  year = {2007}
}

@article{Carberry2013,
  author = {Carberry, E. and Leschke, K. and Pedit, F.},
  doi = {10.1007/s10455-012-9347-8},
  issn = {0232-704X},
  journal = {Annals of Global Analysis and Geometry},
  number = {4},
  pages = {299--329},
  title = {Darboux Transforms and Spectral Curves {{Darboux}} Transforms and Spectral Curves of Constant Mean Curvature Surfaces Revisited},
  volume = {43},
  year = {2013}
}

@inproceedings{Carberry2013a,
  address = {Providence, Rhode Island},
  author = {Carberry, Emma},
  booktitle = {Geometry and topology down under},
  doi = {10.1090/conm/597/11770},
  isbn = {978-0-8218-8480-5 978-1-4704-1025-4},
  language = {en},
  pages = {139-163},
  publisher = {American Mathematical Society},
  series = {Contemporary Mathematics},
  title = {Harmonic Maps and Integrable Systems},
  url = {http://www.ams.org/conm/597},
  urldate = {2019-07-14},
  volume = {597},
  year = {2013}
}

@article{Carberry2016,
  author = {Carberry, Emma and Schmidt, Martin Ulrich},
  doi = {10.1016/j.geomphys.2016.04.010},
  issn = {03930440},
  journal = {Journal of Geometry and Physics},
  language = {en},
  month = aug,
  pages = {352-366},
  title = {The prevalence of tori amongst constant mean curvature planes in $\mathbb{R}^3$},
  volume = {106},
  year = {2016}
}

@article{Carberry2016a,
  author = {Carberry, Emma and Schmidt, Martin Ulrich},
  doi = {10.1515/crelle-2014-0068},
  issn = {0075-4102, 1435-5345},
  journal = {Journal für die Reine und Angewandte Mathematik (Crelle's Journal)},
  month = jan,
  number = {721},
  pages = {149-166},
  title = {The closure of spectral data for constant mean curvature tori in ${S}^3$},
  volume = {2016},
  year = {2016}
}

@article{Carberry2019,
  author = {Carberry, Emma and Ogilvie, Ross},
  doi = {10.1112/jlms.12191},
  issn = {0024-6107, 1469-7750},
  journal = {Journal of the London Mathematical Society},
  language = {en},
  month = jun,
  number = {3},
  pages = {945-964},
  title = {Whitham deformations and the space of harmonic tori in $\mathbb{S}^3$},
  volume = {99},
  year = {2019}
}

@article{Cartan1899,
  author = {Cartan, {\'E}lie},
  doi = {10/gf5bxp},
  fjournal = {Annales Scientifiques de l'{\'E}cole Normale Sup{\'e}rieure. Troisi{\`e}me S{\'e}rie},
  issn = {0012-9593},
  journal = {Ann. Sci. {\'E}cole Norm. Sup. (3)},
  mrclass = {DML},
  mrnumber = {1508969},
  pages = {239-332},
  title = {Sur Certaines Expressions Diff{\'e}rentielles et Le Probl{\`e}me de {{Pfaff}}},
  volume = {16},
  year = {1899}
}

@inproceedings{Chen2006,
  author = {Chen, Bang-Yen},
  month = jul,
  title = {Survey on Total Mean Curvature and {{Willmore}}'s Conjecture},
  year = {2006}
}

@article{Chow2006,
  author = {Chow, Timothy Y},
  journal = {Notices of the American Mathematical Society},
  language = {en},
  number = {1},
  pages = {5},
  title = {You {{Could Have Invented Spectral Sequences}}},
  volume = {53},
  year = {2006}
}

@article{Colding2008,
  archiveprefix = {arXiv},
  arxivid = {math/0404197},
  author = {Colding, Tobias H. and Minicozzi, William P.},
  doi = {10.4007/annals.2008.167.211},
  issn = {0003486X},
  journal = {Annals of Mathematics},
  number = {1},
  pages = {211-243},
  primaryclass = {math},
  title = {The {{Calabi}}-{{Yau}} Conjectures for Embedded Surfaces},
  volume = {167},
  year = {2008}
}

@book{daSilva2008,
  address = {{Berlin, Heidelberg}},
  author = {{da Silva}, Ana Cannas},
  doi = {10.1007/978-3-540-45330-7},
  isbn = {978-3-540-42195-5 978-3-540-45330-7},
  publisher = {{Springer Berlin Heidelberg}},
  series = {Lecture {{Notes}} in {{Mathematics}}},
  title = {Lectures on {{Symplectic Geometry}}},
  url = {http://link.springer.com/10.1007/978-3-540-45330-7},
  urldate = {2019-06-03},
  volume = {1764},
  year = {2008}
}

@article{Dederick1914,
  author = {Dederick, L. S.},
  journal = {Annals of Mathematics},
  number = {1},
  pages = {170-178},
  title = {Implicit {{Functions}} at a {{Boundary Point}}},
  volume = {15},
  year = {1914}
}

@article{Delaunay1841,
  author = {Delaunay, Charles Eug{\`e}ne},
  issn = {0021-7874},
  journal = {Journal de Math{\'e}matiques Pures et Appliqu{\'e}es},
  number = {6},
  pages = {309-314},
  title = {Sur La Surface de R{\'e}volution Dont La Courbure Moyenne Est Constante},
  volume = {6},
  year = {1841}
}

@book{Deligne1970,
  author = {Deligne, Pierre},
  mrclass = {14D05 (14C30)},
  mrnumber = {0417174},
  mrreviewer = {Helmut Hamm},
  publisher = {{Springer-Verlag, Berlin-New York}},
  series = {Lecture {{Notes}} in {{Mathematics}}, {{Vol}}. 163},
  title = {{\'E}quations Diff{\'e}rentielles {\`a} Points Singuliers R{\'e}guliers},
  year = {1970}
}

@article{Dorfmeister1998,
  author = {Dorfmeister, J and Pedit, Franz and Wu, Hongyou},
  doi = {10.4310/CAG.1998.v6.n4.a1},
  journal = {Communications in Analysis and Geometry},
  number = {4},
  pages = {633-668},
  title = {Weierstrass Type Representation of Harmonic Maps into Symmetric Spaces},
  volume = {6},
  year = {1998}
}

@article{Drozd2004,
  author = {Drozd, Yurij and Burban, Igor},
  doi = {10.1215/S0012-7094-04-12121-9},
  issn = {0012-7094},
  journal = {Duke Mathematical Journal},
  language = {en},
  month = jan,
  number = {2},
  pages = {189-229},
  title = {Coherent Sheaves on Rational Curves with Simple Double Points and Transversal Intersections},
  volume = {121},
  year = {2004}
}

@article{Eells1964,
  archiveprefix = {arXiv},
  arxivid = {arXiv:1011.1669v3},
  author = {Eells, James and Sampson, Joseph H.},
  doi = {10.2307/2373037},
  issn = {0002-9327},
  journal = {American Journal of Mathematics},
  number = {1},
  pages = {109-160},
  pmid = {25246403},
  title = {Harmonic Mappings of {{Riemannian}} Manifolds},
  volume = {86},
  year = {1964}
}

@article{Eells1976,
  author = {Eells, James and Wood, John C.},
  doi = {10.1016/0040-9383(76)90042-2},
  issn = {00409383},
  journal = {Topology},
  number = {3},
  pages = {263-266},
  title = {Restrictions on Harmonic Maps of Surfaces},
  volume = {15},
  year = {1976}
}

@article{Eells1978,
  author = {Eells, James and Lemaire, Luc},
  doi = {10.1112/blms/10.1.1},
  issn = {14692120},
  journal = {Bulletin of the London Mathematical Society},
  number = {1},
  pages = {1-68},
  title = {A Report on Harmonic Maps},
  volume = {10},
  year = {1978}
}

@article{Eells1983,
  author = {Eells, James and Wood, John C.},
  doi = {10.1016/0001-8708(83)90062-2},
  issn = {10902082},
  journal = {Advances in Mathematics},
  number = {3},
  pages = {217-263},
  title = {Harmonic Maps from Surfaces to Complex Projective Spaces},
  volume = {49},
  year = {1983}
}

@article{Enolski2008,
  author = {Enolski, Victor and Richter, Peter},
  doi = {10.1098/rsta.2007.2059},
  issn = {1364-503X, 1471-2962},
  journal = {Philosophical Transactions of the Royal Society A: Mathematical, Physical and Engineering Sciences},
  language = {en},
  month = mar,
  number = {1867},
  pages = {1005-1024},
  title = {Periods of hyperelliptic integrals expressed in terms of $\theta$-constants by means of Thomae formulae},
  volume = {366},
  year = {2008}
}

@article{Eschenburg2006,
  author = {Eschenburg, J.-H.},
  fjournal = {Matem{\'a}tica Contempor{\^a}nea},
  issn = {0103-9059},
  journal = {Mat. Contemp.},
  mrclass = {53C43 (58E20)},
  mrnumber = {2385433},
  mrreviewer = {Christoph Scheven},
  note = {Workshop on Differential Geometry (Portuguese)},
  pages = {1-12},
  title = {The Associated Family},
  volume = {31},
  year = {2006}
}

@article{Eschenburg2010,
  author = {Eschenburg, J.-H. and Quast, P.},
  doi = {10/fhbxvn},
  issn = {00246093},
  journal = {Bulletin of the London Mathematical Society},
  language = {en},
  month = apr,
  number = {2},
  pages = {229-236},
  title = {The Spectral Parameter of Pluriharmonic Maps},
  volume = {42},
  year = {2010}
}

@book{Evans1998,
  address = {{Providence (R.I.)}},
  author = {Evans, Lawrence C.},
  isbn = {0-8218-0772-2},
  note = {R{\'e}impr. avec corrections : 1999, 2002},
  publisher = {{American Mathematical Society}},
  series = {Graduate Studies in Mathematics},
  title = {Partial Differential Equations},
  year = {1998}
}

@article{Eynard2018arxiv,
  archivePrefix = {arXiv},
  author = {Eynard, Bertrand},
  eprint = {1805.06405},
  eprinttype = {arxiv},
  journal = {arXiv:1805.06405 [math-ph]},
  language = {en},
  month = may,
  primaryClass = {math-ph},
  title = {Lectures Notes on Compact {{Riemann}} Surfaces},
  url = {http://arxiv.org/abs/1805.06405},
  urldate = {2019-07-12},
  year = {2018}
}

@article{Fanelli2015arxiv,
  archiveprefix = {arXiv},
  arxivid = {1509.01554},
  author = {Fanelli, Michele and Fanelli, Alberto},
  pages = {1-5},
  title = {The {{Riemann}} Hypothesis about the Non-Trivial Zeroes of the {{Zeta}} Function},
  url = {http://arxiv.org/abs/1509.01554},
  year = {2015}
}

@book{Feldman2003,
  address = {{Providence, R.I}},
  author = {Feldman, Joel S. and Kn{\"o}rrer, Horst and Trubowitz, Eugene},
  isbn = {978-0-8218-3357-5},
  lccn = {QA333 .F45 2003},
  number = {v. 20},
  publisher = {{American Mathematical Society}},
  series = {{{CRM}} Monograph Series},
  title = {Riemann Surfaces of Infinite Genus},
  year = {2003}
}

@article{Fempl1965,
  author = {Fempl, S},
  doi = {10.2307/2310978},
  journal = {The American Mathematical Monthly},
  number = {2},
  pages = {150-152},
  title = {Some {{Inequalities}} Involving {{Elliptic Functions}}},
  volume = {72},
  year = {1965}
}

@article{Ferus2001,
  author = {Ferus, D. and Leschke, K. and Pedit, F. and Pinkall, U.},
  doi = {10.1007/s002220100173},
  issn = {0020-9910},
  journal = {Inventiones Mathematicae},
  number = {3},
  pages = {507--593},
  shorttitle = {Quaternionic Holomorphic Geometry},
  title = {Quaternionic Holomorphic Geometry: {{Pl{\"u}cker}} Formula, {{Dirac}} Eigenvalue Estimates and Energy Estimates of Harmonic 2-Tori},
  volume = {146},
  year = {2001}
}

@article{Flaschka1980,
  author = {Flaschka, H and Forest, M. G. and McLaughlin, D. W.},
  doi = {10.1002/cpa.3160330605},
  issn = {0010-3640},
  journal = {Communications on Pure and Applied Mathematics},
  number = {6},
  pages = {739-784},
  title = {Multiphase Averaging and the Inverse Spectral Solution of the {{Korteweg}}-de {{Vries}} Equation},
  volume = {33},
  year = {1980}
}

@book{Forster1981,
  address = {{New York}},
  author = {Forster, Otto},
  isbn = {978-0-387-90617-1},
  language = {engger},
  lccn = {QA333 .F6713},
  number = {81},
  publisher = {{Springer-Verlag}},
  series = {{Graduate texts in mathematics}},
  title = {{Lectures on Riemann surfaces}},
  year = {1981}
}

@article{Fox1962,
  author = {Fox, R. and Neuwirth, L.},
  doi = {10/gf5c38},
  journal = {Mathematica Scandinavica},
  pages = {119-126},
  title = {The {{Braid Groups}}.},
  volume = {10},
  year = {1962}
}

@article{Frauendiener2015,
  archivePrefix = {arXiv},
  author = {Frauendiener, J. and Klein, C.},
  doi = {10/f6z6v6},
  eprint = {1408.2201},
  eprinttype = {arxiv},
  issn = {0377-9017, 1573-0530},
  journal = {Letters in Mathematical Physics},
  month = mar,
  number = {3},
  pages = {379-400},
  title = {Computational Approach to Hyperelliptic {{Riemann}} Surfaces},
  volume = {105},
  year = {2015}
}

@article{Frenkel1984,
  author = {Frenkel, I. B.},
  doi = {10.1007/BF01388449},
  issn = {1432-1297},
  journal = {Inventiones mathematicae},
  language = {en},
  month = jun,
  number = {2},
  pages = {301-352},
  title = {Orbital Theory for Affine {{Lie}} Algebras},
  volume = {77},
  year = {1984}
}

@article{Gerding,
  author = {Gerding, A and Heller, S and Pedit, F and Schmitt, N},
  language = {en},
  pages = {15},
  title = {{{INTEGRABLE ASPECTS OF GLOBAL SURFACE GEOMETRY}}}
}

@incollection{Gieseker1991,
  address = {{Providence, Rhode Island}},
  author = {Gieseker, D. and Kn{\"o}rrer, H. and Trubowitz, E.},
  booktitle = {Contemporary {{Mathematics}}},
  doi = {10.1090/conm/116/1108630},
  editor = {Harbourne, Brian and Speiser, Robert},
  isbn = {978-0-8218-5124-1 978-0-8218-7704-3},
  language = {en},
  pages = {19-46},
  publisher = {{American Mathematical Society}},
  title = {An Overview of the Geometry of Algebraic {{Fermi}} Curves},
  url = {http://www.ams.org/conm/116/},
  urldate = {2019-07-15},
  volume = {116},
  year = {1991}
}

@book{Gieseker1992,
  address = {{Boston}},
  author = {Gieseker, D. and Kn{\"o}rrer, Horst and Trubowitz, Eugene},
  isbn = {978-0-12-282620-7},
  lccn = {QC176.8.F4 G54 1992},
  number = {vol. 14},
  publisher = {{Academic Press}},
  series = {Perspectives in Mathematics},
  title = {The Geometry of Algebraic {{Fermi}} Curves},
  year = {1992}
}

@book{Goresky1989,
  address = {{Berlin Heidelberg New York}},
  author = {Goresky, Mark and MacPherson, Robert},
  editor = {E. Bombieri, Princeton and S. Feferman, Stanford and N.H. Kuiper, Bures-sur-Yvette and P. Lax, NewYork and H.W. Lenstra, Jr., Berkeley and R. Remmert (Managing Editor), Munster and W. Schmid, Cambridge, Mass. and {J-P..Serre}, Paris and J. Tits, Paris and K.K. Uhlenbeck, Austin},
  isbn = {3-540-17300-5},
  publisher = {{Springer-Verlag}},
  title = {Stratified {{Morse}} Theory},
  year = {1989}
}

@article{Gorsky1995a,
  author = {Gorsky, A. and Krichever, I. and Marshakov, A. and Mironov, A. and Morozov, A.},
  doi = {10.1016/0370-2693(95)00723-X},
  issn = {03702693},
  journal = {Physics Letters B},
  language = {en},
  month = aug,
  number = {3-4},
  pages = {466-474},
  title = {Integrability and {{Seiberg}}-{{Witten}} Exact Solution},
  volume = {355},
  year = {1995}
}

@article{Griffiths1968,
  author = {Griffiths, Phillip A.},
  doi = {10.2307/2373545},
  journal = {American Journal of Mathematics},
  number = {2},
  pages = {568-626},
  title = {Periods of {{Integrals}} on {{Algebraic Manifolds}}, {{I}}.({{Construction}} and {{Properties}} of the {{Modular Varieties}})},
  volume = {90},
  year = {1968}
}

@article{Griffiths1970,
  author = {Griffiths, Phillip A.},
  doi = {10.1090/S0002-9904-1970-12444-2},
  issn = {0002-9904},
  journal = {Bulletin of the American Mathematical Society},
  number = {2},
  pages = {228-297},
  title = {Periods of Integrals on Algebraic Manifolds: {{Summary}} of Main Results and Discussion of Open Problems},
  volume = {76},
  year = {1970}
}

@book{Griffiths1994,
  address = {{New York, NY}},
  author = {Griffiths, Phillip and Harris, Joe},
  isbn = {978-0-471-05059-9},
  language = {eng},
  publisher = {{J. Wiley \& Sons}},
  title = {Principles of Algebraic Geometry},
  year = {1994}
}

@article{Grinevich1998,
  archivePrefix = {arXiv},
  author = {Grinevich, P. G. and Schmidt, M. U.},
  doi = {10/cgnb4p},
  eprint = {dg-ga/9702015},
  eprinttype = {arxiv},
  issn = {03930440},
  journal = {Journal of Geometry and Physics},
  month = jun,
  number = {1-2},
  pages = {51-78},
  title = {Conformal Invariant Functionals of Immersions of Tori into {{R}}\^3},
  volume = {26},
  year = {1998}
}

@incollection{Grinevich2008,
  archivePrefix = {arXiv},
  author = {Grinevich, P. G. and Taimanov, I. A.},
  booktitle = {Geometry, Topology, and Mathematical Physics},
  eprint = {0801.4143},
  eprinttype = {arxiv},
  pages = {125-138},
  publisher = {{Amer. Math. Soc., Providence, RI}},
  series = {Amer. {{Math}}. {{Soc}}. {{Transl}}. {{Ser}}. 2},
  title = {Spectral Conservation Laws for Periodic Nonlinear Equations of the {{Melnikov}} Type},
  url = {http://arxiv.org/abs/0801.4143},
  urldate = {2019-07-11},
  volume = {224},
  year = {2008}
}

@article{Grinevich2008arxiv,
  archivePrefix = {arXiv},
  author = {Grinevich, P. G. and Kaipa, K. V.},
  eprint = {0812.2494},
  eprinttype = {arxiv},
  journal = {arXiv:0812.2494 [math-ph]},
  month = dec,
  primaryClass = {math-ph},
  title = {Calculation of {{Topological Charge}} of {{Real Finite}}-{{Gap}} Sine-{{Gordon}} Solutions Using {{Theta}}-Functional Formulae},
  url = {http://arxiv.org/abs/0812.2494},
  urldate = {2019-07-11},
  year = {2008}
}

@article{Gromov2019arxiv,
  archivePrefix = {arXiv},
  author = {Gromov, Misha},
  eprint = {1908.10612},
  eprinttype = {arxiv},
  journal = {arXiv:1908.10612 [math]},
  month = aug,
  primaryClass = {math},
  title = {Four {{Lectures}} on {{Scalar Curvature}}},
  url = {http://arxiv.org/abs/1908.10612},
  urldate = {2019-08-29},
  year = {2019}
}

@book{Grothendieck2004,
  address = {{Paris}},
  author = {Grothendieck, A and Raynaud, M},
  isbn = {978-2-85629-141-2},
  language = {English},
  note = {OCLC: 612418801},
  publisher = {{Societe Mathematique de France}},
  shorttitle = {Revetements Etales et Groupe Fondamental - ({{SGA}} 1)},
  title = {Revetements Etales et Groupe Fondamental - ({{SGA}} 1): {{Seminaire}} de {{Geometrie Algebrique}} Du {{Bois Marie}} 1960-61},
  year = {2004}
}

@phdthesis{Grunwald-Henrich2011,
  archiveprefix = {arXiv},
  arxivid = {0708.1685},
  author = {{Grunwald-Henrich}, Thilo},
  school = {Universitat Bonn},
  title = {Vector Bundles on Degenerations of Elliptic Curves and {{Yang}}-{{Baxter}} Equations},
  url = {http://arxiv.org/abs/0708.1685},
  year = {2011}
}

@incollection{Grushevsky2012,
  address = {{Cambridge}},
  author = {Grushevsky, Samuel},
  booktitle = {Current Developments in Algebraic Geometry},
  pages = {129-164},
  publisher = {{Cambridge University Press}},
  series = {Mathematical {{Sciences Research Institute Publications}}},
  title = {The {{Schottky}} Problem},
  volume = {59},
  year = {2012}
}

@unpublished{Gunning,
  author = {Gunning},
  title = {Riemann {{Surfaces}}}
}

@book{Gunning1967,
  address = {{Princeton, N.J.}},
  author = {Gunning, Robert C},
  isbn = {978-0-691-07998-1},
  language = {English},
  note = {OCLC: 236730},
  publisher = {{Princeton University Press}},
  title = {Lectures on Vector Bundles over {{Riemann}} Surfaces,},
  year = {1967}
}

@book{Gunning2009,
  address = {{Providence, R.I}},
  author = {Gunning, Robert C. and Rossi, Hugo},
  isbn = {978-0-8218-2165-7},
  lccn = {QA331 .G78 2009},
  note = {OCLC: ocn417444198},
  publisher = {{AMS Chelsea Pub}},
  title = {Analytic Functions of Several Complex Variables},
  year = {2009}
}

@article{Hamilton2015arxiv,
  archiveprefix = {arXiv},
  arxivid = {1512.02632},
  author = {Hamilton, M. J. D.},
  month = dec,
  pages = {24},
  title = {The {{Higgs}} Boson for Mathematicians. {{Lecture}} Notes on Gauge Theory and Symmetry Breaking},
  url = {http://arxiv.org/abs/1512.02632},
  year = {2015}
}

@book{Hancock1910,
  address = {{New York}},
  author = {Hancock, Harris},
  isbn = {978-0-486-43825-2},
  publisher = {{J. Wiley \& Sons}},
  title = {Lectures on the {{Theory}} of {{Elliptic Functions}}},
  url = {https://books.google.com.au/books?id=2xiyVmhKL2wC},
  year = {1910}
}

@book{Hatcher2002,
  address = {{Cambridge ; New York}},
  author = {Hatcher, Allen},
  isbn = {978-0-521-79160-1 978-0-521-79540-1},
  lccn = {QA612 .H42 2002},
  publisher = {{Cambridge University Press}},
  title = {Algebraic Topology},
  year = {2002}
}

@book{Hatcher2017,
  author = {Hatcher, Allen},
  month = nov,
  title = {Vector {{Bundles}} and {{K}}-{{Theory}}},
  url = {http://pi.math.cornell.edu/~hatcher/VBKT/VBpage.html},
  year = {2017}
}

@article{Hauswirth2015,
  author = {Hauswirth, Laurent and Kilian, Martin and Schmidt, Martin Ulrich},
  doi = {10.1007/s00209-015-1497-5},
  issn = {0025-5874},
  journal = {Mathematische Zeitschrift},
  number = {1-2},
  pages = {483-499},
  title = {On Mean-Convex {{Alexandrov}} Embedded Surfaces in the 3-Sphere},
  volume = {281},
  year = {2015}
}

@article{Hauswirth2016,
  author = {Hauswirth, L. and Kilian, M. and Schmidt, M. U.},
  doi = {10/f8fhss},
  issn = {0024-6115, 1460-244X},
  journal = {Proceedings of the London Mathematical Society},
  language = {en},
  month = mar,
  number = {3},
  pages = {588-622},
  title = {Mean-Convex {{Alexandrov}} Embedded Constant Mean Curvature Tori in the 3-Sphere},
  volume = {112},
  year = {2016}
}

@article{Hauswirth2017arxiv,
  archivePrefix = {arXiv},
  author = {Hauswirth, Laurent and Kilian, Martin and Schmidt, Martin U.},
  eprint = {1709.02330},
  eprinttype = {arxiv},
  journal = {arXiv preprint arXiv:1709.02330},
  month = sep,
  title = {Singularities of {{Whitham}} Flows for Hyperelliptic Spectral Curves},
  url = {http://arxiv.org/abs/1709.02330},
  urldate = {2019-06-24},
  year = {2017}
}

@article{Hayashi1992,
  author = {Hayashi, Takahiro},
  doi = {10.2977/prims/1195168856},
  issn = {0034-5318},
  journal = {Publications of the Research Institute for Mathematical Sciences},
  language = {en},
  number = {1},
  pages = {57-81},
  title = {Quantum Deformation of Classical Groups},
  volume = {28},
  year = {1992}
}

@article{Heller2014,
  archiveprefix = {arXiv},
  arxivid = {1209.3200},
  author = {Heller, Sebastian},
  doi = {10.1007/s00208-014-1044-4},
  issn = {00255831},
  journal = {Mathematische Annalen},
  number = {3-4},
  pages = {607-652},
  title = {A Spectral Curve Approach to {{Lawson}} Symmetric {{CMC}} Surfaces of Genus 2},
  volume = {360},
  year = {2014}
}

@article{Heller2014a,
  archivePrefix = {arXiv},
  author = {Heller, Lynn},
  doi = {10/gf73xd},
  eprint = {1211.4137},
  eprinttype = {arxiv},
  issn = {0025-5874, 1432-1823},
  journal = {Mathematische Zeitschrift},
  month = dec,
  number = {3-4},
  pages = {955-977},
  title = {Equivariant Constrained {{Willmore}} Tori in the 3-Sphere},
  volume = {278},
  year = {2014}
}

@article{Heller2015a,
  archivePrefix = {arXiv},
  author = {Heller, Lynn},
  doi = {10/f695h9},
  eprint = {1212.2068},
  eprinttype = {arxiv},
  issn = {09262245},
  journal = {Differential Geometry and its Applications},
  month = jun,
  pages = {232-242},
  title = {Constrained {{Willmore}} and {{CMC}} Tori in the 3-Sphere},
  volume = {40},
  year = {2015}
}

@article{Heller2015arxiv,
  archivePrefix = {arXiv},
  author = {Heller, Lynn and Heller, Sebastian and Schmitt, Nicholas},
  eprint = {1503.07838},
  eprinttype = {arxiv},
  journal = {arXiv:1503.07838 [math]},
  month = mar,
  primaryClass = {math},
  title = {Exploring the Space of Compact Symmetric {{CMC}} Surfaces},
  url = {http://arxiv.org/abs/1503.07838},
  urldate = {2019-07-17},
  year = {2015}
}

@article{Heller2017arxiv,
  archivePrefix = {arXiv},
  author = {Heller, Lynn and Pedit, Franz},
  eprint = {1705.03217},
  eprinttype = {arxiv},
  journal = {arXiv:1705.03217 [math]},
  month = may,
  primaryClass = {math},
  title = {Towards a Constrained {{Willmore}} Conjecture},
  url = {http://arxiv.org/abs/1705.03217},
  urldate = {2019-09-12},
  year = {2017}
}

@article{Hitchin1987,
  author = {Hitchin, Nigel J.},
  doi = {10.1112/plms/s3-55.1.59},
  issn = {0024-6115},
  journal = {Proceedings of the London Mathematical Society},
  number = {3},
  pages = {59-126},
  title = {The Self-Duality Equations on a {{Riemann}} Surface},
  volume = {55},
  year = {1987}
}

@article{Hitchin1990,
  author = {Hitchin, Nigel J.},
  doi = {10.4310/jdg/1214444631},
  journal = {Journal of Differential Geometry},
  pages = {627-710},
  title = {Harmonic Maps from a 2-Torus to the 3-Sphere},
  volume = {31},
  year = {1990}
}

@book{Hitchin2013,
  address = {{Oxford}},
  author = {Hitchin, N. J. and Segal, Graeme and Ward, R. S.},
  isbn = {978-0-19-967677-4},
  lccn = {QA614.83 .H57 2013},
  number = {4},
  publisher = {{Clarendon Press}},
  series = {Oxford Graduate Texts in Mathematics},
  shorttitle = {Integrable Systems},
  title = {Integrable Systems: Twistors, Loop Groups, and {{Riemann}} Surfaces: Based on Lectures given at a Conference on Integrable Systems Organized by {{N}}.{{M}}.{{J}}. {{Woodhouse}} and Held at the {{Mathematical Institute}}, {{University}} of {{Oxford}}, in {{September}} 1997},
  year = {2013}
}

@article{Hoppe2019,
  archivePrefix = {arXiv},
  author = {Hoppe, Jens},
  eprint = {1903.12062},
  eprinttype = {arxiv},
  journal = {arXiv:1903.12062 [math]},
  month = mar,
  primaryClass = {math},
  title = {Lectures on {{Minimal Surfaces}}},
  url = {http://arxiv.org/abs/1903.12062},
  urldate = {2019-09-30},
  year = {2019}
}

@book{Ivey,
  author = {Ivey, Thomas A and Landsberg, J M},
  language = {en},
  title = {Cartan for {{Beginners}}: {{Differential Geometry}} via {{Moving Frames}} and {{Exterior Differential Systems}}}
}

@book{Jacobi1829,
  address = {{K{\"o}nigsberg}},
  author = {Jacobi, Carl Gustav Jakob},
  publisher = {{Regiomonti, Sumtibus fratrum Borntraeger}},
  title = {Fundamenta {{Nova Theoriae Functionum Ellipticarum}}},
  year = {1829}
}

@article{Jessen1968,
  author = {Jessen, Borge},
  doi = {10/gf4393},
  issn = {1903-1807, 0025-5521},
  journal = {MATHEMATICA SCANDINAVICA},
  month = jun,
  pages = {241},
  title = {The {{Algebra}} of {{Polyhedra}} and the {{Dehn}}-{{Sydler Theorem}}.},
  volume = {22},
  year = {1968}
}

@book{Jong2000,
  address = {{Braunschweig}},
  author = {de Jong, Theo and Pfister, Gerhard},
  isbn = {978-3-528-03137-4},
  language = {eng},
  note = {OCLC: 247756764},
  publisher = {{Vieweg}},
  series = {Advanced Lectures in Mathematics},
  shorttitle = {Local Analytic Geometry},
  title = {Local Analytic Geometry: Basic Theory and Applications},
  year = {2000}
}

@article{Kageyama2006,
  archiveprefix = {arXiv},
  arxivid = {physics/0408133},
  author = {Kageyama, Akira and Sugiyama, Tooru and Watanabe, Kunihiko and Sato, Tetsuya},
  doi = {10.1016/j.cageo.2005.06.006},
  issn = {00983004},
  journal = {Computers and Geosciences},
  number = {2},
  pages = {265-269},
  primaryclass = {physics},
  title = {A Note on the Dipole Coordinates},
  volume = {32},
  year = {2006}
}

@article{Kalman1984,
  author = {Kalman, Dan},
  doi = {10.2307/2690290},
  journal = {Mathematics Magazine},
  number = {1},
  pages = {15-21},
  title = {The Generalized {{Vandermonde}} Matrix},
  volume = {57},
  year = {1984}
}

@unpublished{Kappeler2003,
  author = {Kappeler, Thomas and P{\"o}schel, J{\"u}rgen},
  month = feb,
  title = {{{KdV}} and {{KAM}}},
  year = {2003}
}

@article{Kazi2007,
  author = {Kazi, Haseeb and Neuman, Edward},
  doi = {10.1016/j.jat.2006.12.004},
  issn = {00219045},
  journal = {Journal of Approximation Theory},
  language = {en},
  month = jun,
  number = {2},
  pages = {212-226},
  title = {Inequalities and Bounds for Elliptic Integrals},
  volume = {146},
  year = {2007}
}

@inproceedings{Kilian2010,
  address = {{Osaka}},
  archiveprefix = {arXiv},
  arxivid = {0910.2096},
  author = {Kilian, Martin and Schmidt, Martin Ulrich},
  booktitle = {Proceedings of the 16th {{OCU International Academic Symposium}} 2008},
  month = oct,
  pages = {231-248},
  publisher = {{Osaka Municipal University Press}},
  title = {On Infinitesimal Deformations of {{CMC}} Surfaces of Finite Type in the 3-Sphere},
  url = {http://arxiv.org/abs/0910.2096},
  volume = {3},
  year = {2010}
}

@article{Kilian2015,
  archiveprefix = {arXiv},
  arxivid = {1011.2875},
  author = {Kilian, Martin and Schmidt, Martin Ulrich and Schmitt, Nicholas},
  doi = {10.1515/crelle-2013-0079},
  issn = {14355345},
  journal = {Journal f{\"u}r die Reine und Angewandte Mathematik (Crelle's Journal)},
  month = nov,
  pages = {45-86},
  title = {Flows of Constant Mean Curvature Tori in the 3-Sphere: The Equivariant Case},
  volume = {707},
  year = {2015}
}

@article{Kilian2015arxiv,
  archiveprefix = {arXiv},
  arxivid = {1508.00378},
  author = {Kilian, Martin},
  pages = {1-10},
  title = {Dressing Curves},
  url = {http://arxiv.org/abs/1508.00378},
  year = {2015}
}

@article{Klauer2009,
  author = {Klauer, A. and Schmidt, M. U.},
  doi = {10/c7wgdc},
  issn = {1425-6908, 1869-6082},
  journal = {Journal of Applied Analysis},
  month = jan,
  number = {1},
  title = {Bloch {{Varieties}} of {{Higher}}-{{Dimensional}}, {{Periodic Schr{\"o}dinger Operators}}},
  volume = {15},
  year = {2009}
}

@phdthesis{Klauer2011,
  author = {Klauer, Alexander},
  language = {de},
  month = jun,
  school = {Universit{\"a}t Mannheim},
  title = {{On complex Fermi curves of two-dimensional, periodic Schr{\"o}dinger operators}},
  url = {https://www.degruyter.com/view/j/jaa.2014.20.issue-1/jaa-2014-0006/jaa-2014-0006.xml},
  urldate = {2019-07-15},
  year = {2011}
}

@article{Klein,
  author = {Klein, Sebastian},
  title = {Clifford, Pin and Spin {{Clifford}} Algebras}
}

@article{Klein2016arxiv,
  archivePrefix = {arXiv},
  author = {Klein, Sebastian and L{\"u}bcke, Eva and Schmidt, Martin Ulrich and Simon, Tobias},
  eprint = {1609.07011},
  eprinttype = {arxiv},
  journal = {arXiv:1609.07011 [math]},
  month = sep,
  primaryClass = {math},
  title = {Singular Curves and {{Baker}}-{{Akhiezer}} Functions},
  url = {http://arxiv.org/abs/1609.07011},
  urldate = {2019-06-24},
  year = {2016}
}

@article{Klein2017,
  archivePrefix = {arXiv},
  author = {Klein, Sebastian},
  doi = {10.1016/j.difgeo.2017.03.012},
  eprint = {1701.03145},
  eprinttype = {arxiv},
  issn = {09262245},
  journal = {Differential Geometry and its Applications},
  month = oct,
  pages = {129-149},
  title = {Spectral Data for Simply-Periodic Solutions of the Sinh-{{Gordon}} Equation},
  volume = {54},
  year = {2017}
}

@article{Klein2018arxiv,
  archivePrefix = {arXiv},
  author = {Klein, Sebastian and Kilian, Martin},
  eprint = {1801.07032},
  eprinttype = {arxiv},
  journal = {arXiv:1801.07032 [math]},
  month = jan,
  primaryClass = {math},
  title = {On Closed Finite Gap Curves in Spaceforms {{I}}},
  url = {http://arxiv.org/abs/1801.07032},
  urldate = {2019-06-24},
  year = {2018}
}

@article{Klein2019arxiv,
  archivePrefix = {arXiv},
  author = {Klein, Sebastian and Kilian, Martin},
  eprint = {1901.03242},
  eprinttype = {arxiv},
  journal = {arXiv:1901.03242 [math]},
  month = jan,
  primaryClass = {math},
  title = {On Closed Finite Gap Curves in Spaceforms {{II}}},
  url = {http://arxiv.org/abs/1901.03242},
  urldate = {2019-06-24},
  year = {2019}
}

@article{Knopf2017arxiv,
  archivePrefix = {arXiv},
  author = {Knopf, Markus and Hoepner, Ricardo Pena and Schmidt, Martin U.},
  eprint = {1708.00887},
  eprinttype = {arxiv},
  journal = {arXiv:1708.00887 [math]},
  month = aug,
  primaryClass = {math},
  title = {Solutions of the {{Sinh}}-{{Gordon Equation}} of {{Spectral Genus Two}} and Constrained {{Willmore Tori I}}},
  url = {http://arxiv.org/abs/1708.00887},
  urldate = {2019-06-24},
  year = {2017}
}

@article{Knorrer1990,
  author = {Kn{\"o}rrer, H. and Trubowitz, E.},
  doi = {10.1007/BF02566598},
  issn = {0010-2571, 1420-8946},
  journal = {Commentarii Mathematici Helvetici},
  language = {en},
  month = dec,
  number = {1},
  pages = {114-149},
  title = {A Directional Compactification of the Complex {{Bloch}} Variety},
  volume = {65},
  year = {1990}
}

@article{Kodaira1958,
  author = {Kodaira, K. and Spencer, D. C.},
  doi = {10.2307/1970009},
  issn = {0003486X},
  journal = {The Annals of Mathematics},
  language = {en},
  month = mar,
  number = {2},
  pages = {328},
  title = {On {{Deformations}} of {{Complex Analytic Structures}}, {{I}}},
  volume = {67},
  year = {1958}
}

@article{Kodaira1960,
  author = {Kodaira, K. and Spencer, D. C.},
  doi = {10.2307/1969879},
  issn = {0003486X},
  journal = {The Annals of Mathematics},
  language = {en},
  month = jan,
  number = {1},
  pages = {43},
  title = {On {{Deformations}} of {{Complex Analytic Structures}}, {{III}}. {{Stability Theorems}} for {{Complex Structures}}},
  volume = {71},
  year = {1960}
}

@article{Kodaira1966,
  author = {Kodaira, K.},
  doi = {10.2307/2373150},
  issn = {00029327},
  journal = {American Journal of Mathematics},
  language = {en},
  month = jul,
  number = {3},
  pages = {682},
  title = {On the {{Structure}} of {{Compact Complex Analytic Surfaces}}, {{II}}},
  volume = {88},
  year = {1966}
}

@article{Krichever1995,
  author = {Krichever, I.},
  doi = {10.1007/BF00994629},
  issn = {01678019},
  journal = {Acta Applicandae Mathematicae},
  number = {1-3},
  pages = {93-125},
  title = {Algebraic-Geometrical Methods in the Theory of Integrable Equations and Their Perturbations},
  volume = {39},
  year = {1995}
}

@article{Kuwert2012,
  author = {Kuwert, Ernst and Li, Yuxiang},
  doi = {10.4310/CAG.2012.v20.n2.a4},
  issn = {1019-8385},
  journal = {Communications in Analysis and Geometry},
  number = {2},
  pages = {313–340},
  title = {$W^{2,2}$-conformal immersions of a closed Riemann surface into $\Bbb R^n$},
  volume = {20},
  year = {2012}
}

@book{Lang2002,
  address = {{New York}},
  author = {Lang, Serge},
  edition = {Rev. 3rd ed},
  isbn = {978-0-387-95385-4},
  language = {en},
  lccn = {QA154.3 .L3 2002},
  number = {211},
  publisher = {{Springer}},
  series = {Graduate Texts in Mathematics},
  title = {Algebra},
  year = {2002}
}

@article{Lawson1970,
  author = {Lawson, H. Blaine},
  doi = {10.2307/1970625},
  issn = {0003486X},
  journal = {The Annals of Mathematics},
  language = {en},
  month = nov,
  number = {3},
  pages = {335},
  title = {Complete Minimal Surfaces in ${S}^3$},
  volume = {92},
  year = {1970}
}

@article{Lax1983,
  author = {Lax, Peter D. and Levermore, C. David},
  doi = {10.1002/cpa.3160360302},
  journal = {Communications on Pure and Applied Mathematics},
  number = {10},
  pages = {253-290},
  title = {The Small Dispersion Limit of the {{Korteweg}}-de {{Vries}} Equation. {{I}}},
  volume = {36},
  year = {1983}
}

@phdthesis{Lejdfor2003,
  author = {Lejdfor, Carl Johan},
  school = {Lund University},
  title = {Surfaces of {{Constant Mean Curvature}}},
  url = {http://www.matematik.lu.se/matematiklu/personal/sigma/students/Karl-Johan-Lejdfors-MSc.pdf},
  year = {2003}
}

@inproceedings{Leschke2011,
  address = {{Providence, Rhode Island}},
  author = {Leschke, K.},
  booktitle = {Harmonic Maps and Differential Geometry},
  doi = {10.1090/conm/542/10709},
  editor = {Loubeau, E. and Montaldo, S.},
  isbn = {978-0-8218-4987-3 978-0-8218-8221-4},
  language = {en},
  pages = {203-212},
  publisher = {{American Mathematical Society}},
  series = {Contemporary {{Mathematics}}},
  title = {Harmonic Map Methods for {{Willmore}} Surfaces},
  url = {http://www.ams.org/conm/542/},
  urldate = {2019-09-12},
  volume = {542},
  year = {2011}
}

@article{Liem1991,
  author = {Liem, Vo Thanh and Venema, Gerard A},
  doi = {10.1016/0166-8641(91)90124-5},
  journal = {Topology and its Applications},
  number = {131},
  pages = {231-245},
  title = {Characterization of Knot Complements in the 4-Sphere},
  volume = {42},
  year = {1991}
}

@book{Linderholm1972,
  author = {Linderholm, Carl E.},
  isbn = {72340415-1},
  pmid = {21437032},
  title = {Mathematics {{Made Difficult}}},
  url = {http://www.jstor.org/stable/3617023?origin=crossref},
  volume = {56},
  year = {1972}
}

@article{Loftin2015arxiv,
  archiveprefix = {arXiv},
  arxivid = {1510.00553},
  author = {Loftin, John and McIntosh, Ian},
  month = oct,
  pages = {35},
  title = {Equivariant minimal surfaces in ${CH}^2$ and their Higgs bundles},
  url = {http://arxiv.org/abs/1510.00553},
  year = {2015}
}

@article{Lopez1999,
  author = {López, F. J. and Mart́in, F.},
  doi = {10.5565/PUBLMAT<sub>4</sub>3299<sub>0</sub>1},
  issn = {0214-1493},
  journal = {Publicacions Matemàtiques},
  number = {3},
  pages = {341-449},
  title = {Complete minimal surfaces in ${R}^3$},
  volume = {43},
  year = {1999}
}

@article{Lubcke2016arxiv,
  author = {L{\"u}bcke, Eva},
  language = {en},
  month = jun,
  pages = {11},
  title = {On a Property of {{Fermi}} Curves of 2-Dimensional Periodic {{Schr{\"o}dinger}} Operators},
  url = {https://arxiv.org/abs/1606.02833},
  year = {2016}
}

@unpublished{Mare2007,
  address = {{Regina}},
  author = {Mare, Augustin-Liviu},
  title = {An {{Introduction}} to {{Flag Manifolds}}},
  year = {2007}
}

@inproceedings{Massey1980,
  author = {Massey, David B},
  booktitle = {Main},
  pages = {1-25},
  title = {Stratified {{Morse}} Theory: Past and Present},
  year = {1980}
}

@article{Mather1970,
  author = {Mather, John},
  doi = {10.1090/S0273-0979-2012-01383-6},
  issn = {0273-0979},
  journal = {Bulletin of the American Mathematical Society},
  number = {4},
  pages = {475-506},
  title = {Notes on Topological Stability},
  volume = {49},
  year = {1970}
}

@article{Mazel-Gee2015arxiv,
  archiveprefix = {arXiv},
  arxivid = {1510.03525},
  author = {{Mazel-Gee}, Aaron},
  month = oct,
  title = {All about the {{Grothendieck}} Construction},
  url = {http://arxiv.org/abs/1510.03525},
  year = {2015}
}

@article{McIntosh2001,
  archiveprefix = {arXiv},
  arxivid = {arXiv:math/9906076v2},
  author = {McIntosh, Ian},
  doi = {10.4310/CAG.2001.v9.n2.a7},
  issn = {10198385},
  journal = {Communications in Analysis and Geometry},
  number = {2},
  pages = {423-449},
  primaryclass = {arXiv:math},
  title = {Harmonic Tori and Generalised {{Jacobi}} Varieties},
  volume = {9},
  year = {2001}
}

@inproceedings{McIntosh2008,
  address = {{Tokyo}},
  author = {McIntosh, Ian},
  booktitle = {Advanced {{Studies}} in {{Pure Mathematics}}},
  doi = {10.2969/aspm/05110285},
  pages = {285-314},
  publisher = {{Mathematical Society of Japan}},
  title = {Harmonic Tori and Their Spectral Data},
  volume = {51},
  year = {2008}
}

@article{McKean1975,
  author = {McKean, HP and {van Moerbeke}, P},
  doi = {10.1007/BF01425567},
  journal = {Inventiones Mathematicae},
  pages = {217-274},
  title = {The Spectrum of {{Hill}}'s Equation},
  volume = {30},
  year = {1975}
}

@article{Meeks2011,
  author = {Meeks, William H and P{\'e}rez, Joaqu{\'i}n},
  doi = {10.1090/S0273-0979-2011-01334-9},
  issn = {0273-0979},
  journal = {Bulletin of the American Mathematical Society},
  number = {3},
  pages = {325-407},
  title = {The Classical Theory of Minimal Surfaces},
  volume = {48},
  year = {2011}
}

@article{Mese2002,
  author = {Mese, Chikako},
  journal = {American Journal of Mathematics},
  number = {3},
  pages = {451-481},
  title = {Harmonic Maps between Surfaces and {{Teichm{\"u}ller}} Spaces},
  volume = {124},
  year = {2002}
}

@book{Miranda1995,
  author = {Miranda, Rick},
  isbn = {978-0-8218-0268-7},
  language = {en},
  publisher = {{American Mathematical Society, Providence, RI}},
  series = {Graduate {{Studies}} in {{Mathematics}}},
  title = {Algebraic Curves and {{Riemann}} Surfaces},
  volume = {5},
  year = {1995}
}

@inproceedings{Mladenov2012,
  author = {Mladenov, Iva{\"i}lo M.},
  doi = {10.7546/giq-5-2004-158-168},
  language = {en},
  publisher = {{GIQ}},
  title = {Conformal {{Immersions}} of {{Delaunay Surfaces}} and {{Their Duals}}},
  url = {http://www.bio21.bas.bg/proceedings/Proceedings_files/vol5content.htm},
  urldate = {2019-06-03},
  year = {2012}
}

@inproceedings{Mladenov2014,
  author = {Mladenov, Iva{\"i}lo M},
  booktitle = {Proceedings of the {{Fifth International Conference}} on {{Geometry}}, {{Integrability}} and {{Quantization}}},
  doi = {10.7546/giq-5-2004-158-168},
  title = {Conformal {{Immersions}} of {{Delaunay Surfaces}} and Their {{Duals}}},
  year = {2014}
}

@book{Mora2003,
  address = {{Cambridge}},
  author = {Mora, Teo},
  isbn = {978-0-521-81154-5},
  publisher = {{Cambridge University Press}},
  series = {Encyclopedia of {{Mathematics}} and Its {{Applications}}},
  title = {Solving Polynomial Equation Systems {{I}}: {{The Kronecker}}-{{Duval}} Philosophy},
  url = {https://books.google.com.au/books?id=Fb-U_tKxcE8C},
  volume = {88},
  year = {2003}
}

@book{Mumford1983,
  address = {{Boston}},
  author = {Mumford, David},
  collaborator = {{Tata Institute of Fundamental Research}},
  isbn = {978-3-7643-3109-2},
  lccn = {QA345 .M85 1983},
  number = {v. 28, 43, 97},
  publisher = {{Birkh{\"a}user}},
  series = {Progress in Mathematics},
  title = {Tata Lectures on Theta},
  year = {1983}
}

@article{Narasimhan1965,
  author = {Narasimhan, M. S. and Seshadri, C. S.},
  doi = {10.2307/1970710},
  issn = {0003486X},
  journal = {The Annals of Mathematics},
  language = {en},
  month = nov,
  number = {3},
  pages = {540},
  title = {Stable and {{Unitary Vector Bundles}} on a {{Compact Riemann Surface}}},
  volume = {82},
  year = {1965}
}

@book{Narasimhan1992,
  address = {{Basel ; Boston}},
  author = {Narasimhan, Raghavan},
  isbn = {978-3-7643-2742-2 978-0-8176-2742-3},
  language = {en},
  lccn = {QA333 .N33 1992},
  publisher = {{Birkh{\"a}user Verlag}},
  series = {Lectures in Mathematics {{ETH Z{\"u}rich}}},
  title = {Compact {{Riemann}} Surfaces},
  year = {1992}
}

@unpublished{Nekovar2004,
  author = {Nekov{\'a}{\v r}, Jan},
  language = {en},
  title = {Elliptic {{Functions}} and {{Elliptic Curves}}},
  url = {https://webusers.imj-prg.fr/~jan.nekovar/},
  year = {2004}
}

@article{Neuman2011,
  author = {Neuman, Edward},
  doi = {10.1016/j.jmaa.2010.06.060},
  issn = {0022247X},
  journal = {Journal of Mathematical Analysis and Applications},
  number = {1},
  pages = {203-213},
  title = {Inequalities and Bounds for Generalized Complete Elliptic Integrals},
  volume = {373},
  year = {2011}
}

@phdthesis{Ogilvie2017,
  address = {Sydney},
  author = {Ogilvie, Ross},
  month = mar,
  school = {University of Sydney},
  title = {Deformations of harmonic tori in $\mathbb{S}^3$},
  type = {Doctoral Thesis},
  url = {http://hdl.handle.net/2123/16475},
  year = {2017}
}

@article{Ottavianiarxiv,
  archiveprefix = {arXiv},
  arxivid = {arXiv:1503.07054v1},
  author = {Ottaviani, Giorgio and Paoletti, Raffaella},
  month = mar,
  pages = {1-22},
  title = {A Geometric Perspective on the Singular Value Decomposition},
  year = {2015}
}

@article{Pacheco2009,
  author = {Pacheco, R.},
  doi = {10.1016/j.difgeo.2008.10.013},
  issn = {09262245},
  journal = {Differential Geometry and its Applications},
  language = {en},
  month = jun,
  number = {3},
  pages = {352-361},
  title = {On Harmonic Tori in Compact Rank One Symmetric Spaces},
  volume = {27},
  year = {2009}
}

@article{Palais1997,
  author = {Palais, Richard},
  doi = {10.1090/S0273-0979-97-00732-5},
  issn = {0273-0979, 1088-9485},
  journal = {Bulletin of the American Mathematical Society},
  language = {en},
  number = {4},
  pages = {339-403},
  title = {The Symmetries of Solitons},
  volume = {34},
  year = {1997}
}

@article{Pawellek2011,
  archivePrefix = {arXiv},
  author = {Pawellek, Michael},
  doi = {10/bssdg4},
  eprint = {0909.2026},
  eprinttype = {arxiv},
  issn = {0022-2488, 1089-7658},
  journal = {Journal of Mathematical Physics},
  month = nov,
  number = {11},
  pages = {113701},
  title = {On a Generalization of {{Jacobi}}'s Elliptic Functions and the {{Double Sine}}-{{Gordon}} Kink Chain},
  volume = {52},
  year = {2011}
}

@inproceedings{Pedit1998,
  author = {Pedit, Franz and Pinkall, Ulrich},
  booktitle = {Proceedings of the {{International Congress}} of {{Mathematicians}}, {{Vol}}. {{II}} ({{Berlin}}, 1998)},
  fjournal = {Documenta Mathematica},
  issn = {1431-0635},
  mrclass = {53C26 (53C56)},
  mrnumber = {1648089},
  mrreviewer = {Paolo Piccinni},
  number = {Extra Vol. II},
  pages = {389-400},
  series = {Doc. {{Math}}.},
  title = {Quaternionic Analysis on {{Riemann}} Surfaces and Differential Geometry},
  year = {1998}
}

@misc{Pinkall,
  author = {Pinkall, Ulrich},
  title = {Martin {{Schmidt}}'s Approach to the {{Willmore}} Problem}
}

@article{Pinkall1985,
  author = {Pinkall, U.},
  doi = {10.1007/BF01389060},
  issn = {0020-9910, 1432-1297},
  journal = {Inventiones Mathematicae},
  language = {en},
  month = jun,
  number = {2},
  pages = {379-386},
  title = {Hopf tori in ${S}^3$},
  volume = {81},
  year = {1985}
}

@article{Pinkall1987,
  author = {Pinkall, U. and Sterling, I.},
  doi = {10/dnq32h},
  issn = {0343-6993},
  journal = {The Mathematical Intelligencer},
  language = {en},
  month = jan,
  number = {2},
  pages = {38-43},
  title = {Willmore {{Surfaces}}},
  volume = {9},
  year = {1987}
}

@article{Pinkall1989,
  author = {Pinkall, Ulrich and Sterling, Ivan},
  doi = {10.2307/1971425},
  issn = {0003486X},
  journal = {Annals of Mathematics Second Series},
  number = {2},
  pages = {407-451},
  title = {On the Classification of Constant Mean Curvature Tori},
  volume = {130},
  year = {1989}
}

@article{Quillen1985,
  author = {Quillen, Daniel},
  doi = {10.1007/BF01086022},
  issn = {0016-2663, 1573-8485},
  journal = {Functional Analysis and Its Applications},
  language = {en},
  number = {1},
  pages = {31-34},
  title = {Determinants of {{Cauchy}}-{{Riemann}} Operators over a {{Riemann}} Surface},
  volume = {19},
  year = {1985}
}

@article{Quintino2009arxiv,
  archivePrefix = {arXiv},
  author = {Quintino, {\'A}urea Casinhas},
  eprint = {0912.5402},
  eprinttype = {arxiv},
  journal = {arXiv:0912.5402 [math]},
  month = dec,
  primaryClass = {math},
  shorttitle = {Constrained {{Willmore Surfaces}}},
  title = {Constrained {{Willmore Surfaces}}: {{Symmetries}} of a {{Moebius Invariant Integrable System}}},
  url = {http://arxiv.org/abs/0912.5402},
  urldate = {2019-08-19},
  year = {2009}
}

@article{Ratto1989,
  author = {Ratto, Andrea},
  doi = {10.1016/0040-9383(89)90014-1},
  issn = {00409383},
  journal = {Topology},
  number = {3},
  pages = {379-388},
  title = {Harmonic Maps of Spheres and the {{Hopf}} Construction},
  volume = {28},
  year = {1989}
}

@book{Reed1980,
  address = {{New York}},
  author = {Reed, Michael and Simon, Barry},
  edition = {Rev. and enl. ed},
  isbn = {978-0-12-585050-6},
  lccn = {QC20.7.F84 R43 1980},
  publisher = {{Academic Press}},
  title = {Methods of Modern Mathematical Physics},
  year = {1980}
}

@book{Reed2005,
  address = {{New York, NY}},
  author = {Reed, Michael and Simon, Barry and Reed, Michael},
  edition = {Nachdr.},
  isbn = {978-0-12-585004-9},
  language = {eng},
  note = {OCLC: 838053854},
  number = {Michael Reed; Barry Simon ; 4},
  publisher = {{Acad. Press}},
  series = {Methods of Modern Mathematical Physics},
  title = {Analysis of Operators},
  year = {2005}
}

@unpublished{Rice,
  author = {Rice, John},
  title = {Intersection of Plane Curves Overview.Pdf}
}

@article{Riemann,
  author = {Riemann, Bernhard},
  language = {de},
  pages = {16},
  title = {{Ueber die Hypothesen, welche der Geometrie zu Grunde liegen.}}
}

@book{Riemann2016,
  address = {{New York, NY}},
  author = {Riemann, Bernhard},
  isbn = {978-3-319-26040-2},
  language = {en},
  publisher = {{Springer Berlin Heidelberg}},
  title = {On the Hypotheses Which Lie at the Bases of Geometry},
  year = {2016}
}

@article{Rosenlicht1952,
  author = {Rosenlicht, Maxwell},
  doi = {10.2307/1969773},
  issn = {0003486X},
  journal = {The Annals of Mathematics},
  language = {en},
  month = jul,
  number = {1},
  pages = {169},
  title = {Equivalence {{Relations}} on {{Algebraic Curves}}},
  volume = {56},
  year = {1952}
}

@article{Ruh1970,
  author = {Ruh, Ernst Alfred and Vilms, Jaak},
  doi = {10.1090/S0002-9947-1970-0259768-5},
  issn = {0002-9947},
  journal = {Transactions of the American Mathematical Society},
  number = {2},
  pages = {569-569},
  title = {The Tension Field of the {{Gauss}} Map},
  volume = {149},
  year = {1970}
}

@article{Schaffhauserarxiv,
  archiveprefix = {arXiv},
  arxivid = {arXiv:1509.01734v1},
  author = {Schaffhauser, Florent},
  pages = {1-46},
  title = {Differential {{Geometry}} of {{Holomorphic Vector Bundles}}}
}

@article{Schaposnik2019,
  archivePrefix = {arXiv},
  author = {Schaposnik, Laura P.},
  eprint = {1909.10543},
  eprinttype = {arxiv},
  journal = {arXiv:1909.10543 [hep-th]},
  month = sep,
  primaryClass = {hep-th},
  title = {Higgs Bundles -- {{Recent}} Applications},
  url = {http://arxiv.org/abs/1909.10543},
  urldate = {2019-09-25},
  year = {2019}
}

@article{Schmidt1996,
  author = {Schmidt, Martin Ulrich},
  doi = {10.1090/memo/0581},
  journal = {Memoirs of the American Mathematical Society},
  pages = {127},
  title = {Integrable Systems and {{Riemann}} Surfaces of Infinite Genus},
  volume = {122},
  year = {1996}
}

@article{Schmidt2002arxiv,
  archivePrefix = {arXiv},
  author = {Schmidt, Martin Ulrich},
  eprint = {math/0203224},
  eprinttype = {arxiv},
  journal = {arXiv:math/0203224},
  month = mar,
  title = {A Proof of the {{Willmore}} Conjecture},
  url = {http://arxiv.org/abs/math/0203224},
  urldate = {2019-07-25},
  year = {2002}
}

@article{Schmidt2017arxiv,
  author = {Schmidt, Martin U},
  title = {Square {{Integrable Hopf Fields}}},
  year = {2017}
}

@article{Schmidt2017arxiva,
  author = {Schmidt, Martin U},
  language = {en},
  title = {{{QUATERNIONIC ANALYSIS OF THE WILLMORE FUNCTIONAL}}},
  year = {2017}
}

@article{Seeley1964,
  author = {Seeley, R. T.},
  doi = {10.1090/S0002-9939-1964-0165392-8},
  issn = {0002-9939},
  journal = {Proceedings of the American Mathematical Society},
  number = {4},
  pages = {625-625},
  title = {Extension of Smooth Functions Defined in a Half Space},
  volume = {15},
  year = {1964}
}

@article{Sequences,
  pages = {0-5},
  title = {The {{Long Exact Sequence}} in {{Cohomology}}}
}

@incollection{Seshadri1993,
  address = {{Providence, Rhode Island}},
  author = {Seshadri, C. S.},
  booktitle = {Contemporary {{Mathematics}}},
  doi = {10.1090/conm/153/01312},
  editor = {Elman, Richard S. and Schacher, Murray M. and Varadarajan, V. S.},
  isbn = {978-0-8218-5161-6 978-0-8218-7744-9},
  language = {en},
  pages = {163-200},
  publisher = {{American Mathematical Society}},
  title = {Vector Bundles on Curves},
  url = {http://www.ams.org/conm/153/},
  urldate = {2019-06-03},
  volume = {153},
  year = {1993}
}

@article{Seshadri2000,
  author = {Seshadri, CS},
  number = {August},
  title = {Degenerations of the Moduli Spaces of Vector Bundles on Curves},
  url = {http://inis.iaea.org/search/search.aspx?orig_q=RN:38005699},
  year = {2000}
}

@inproceedings{Sharpe2002,
  author = {Sharpe, Richard},
  booktitle = {Proceedings of the 21st \{\vphantom\}{{W}}\vphantom\{\}inter \{\vphantom\}{{S}}\vphantom\{\}chool ``\{\vphantom\}{{G}}\vphantom\{\}eometry and \{\vphantom\}{{P}}\vphantom\{\}hysics'' (\{\vphantom\}{{S}}\vphantom\{\}rn\textbackslash{}'\{\textbackslash{}i\}, 2001)},
  pages = {61-75},
  title = {An {{Introduction}} to {{Cartan Geometries}}},
  year = {2002}
}

@unpublished{Shin2019,
  address = {{Stony Brook University}},
  author = {Shin, Tobias},
  title = {Meet {{Spin Geometry}}},
  url = {http://www.math.stonybrook.edu/~tshin/spin.pdf},
  year = {2019}
}

@article{Shiota1986,
  author = {Shiota, Takahiro},
  doi = {10.1007/BF01388967},
  issn = {0020-9910, 1432-1297},
  journal = {Inventiones Mathematicae},
  language = {en},
  month = jun,
  number = {2},
  pages = {333-382},
  title = {Characterization of {{Jacobian}} Varieties in Terms of Soliton Equations},
  volume = {83},
  year = {1986}
}

@article{Short1999,
  archivePrefix = {arXiv},
  author = {Short, Hamish and Wiest, Bert},
  eprint = {math/9907104},
  eprinttype = {arxiv},
  journal = {arXiv:math/9907104},
  month = jul,
  title = {Orderings of Mapping Class Groups after {{Thurston}}},
  url = {http://arxiv.org/abs/math/9907104},
  urldate = {2019-08-30},
  year = {1999}
}

@phdthesis{Simon2018,
  address = {{Mannheim}},
  author = {Simon, Tobias},
  school = {Universit{\"a}t Mannheim},
  title = {On the {{Isospectral Problem}} of {{Fermi}} Curves of Two-Dimensional Doubly Periodic {{Schr{\"o}dinger}} Operators},
  type = {Doctoral {{Thesis}}},
  year = {2018}
}

@article{Skopenkov2015arxiv,
  archiveprefix = {arXiv},
  arxivid = {1508.03317},
  author = {Skopenkov, a.},
  pages = {1-7},
  title = {A Short Elementary Proof of the {{Ruffini}}-{{Abel Theorem}}},
  url = {http://arxiv.org/abs/1508.03317},
  year = {2015}
}

@book{Spanier2007,
  author = {Spanier, Eh},
  title = {Algebraic Topology},
  url = {http://books.google.com/books?hl=en\&lr=\&id=h-wc3TnZMCcC\&oi=fnd\&pg=PR16\&dq=Algebraic+Topology\&ots=LfY6g-v_6P\&sig=G5FXPSmRdcsl7Tfdo4qEGXJcUqg\%5Cnhttp://books.google.com/books?hl=en\&lr=\&id=h-wc3TnZMCcC\&oi=fnd\&pg=PR16\&dq=Algebraic+topology\&ots=LfY6g-w22P\&sig=U_},
  year = {2007}
}

@article{Spitzbart1960,
  author = {Spitzbart, A},
  doi = {10.2307/2308924},
  journal = {The American Mathematical Monthly},
  number = {1},
  pages = {42-46},
  title = {A Generalization of {{Hermite}}'s {{Interpolation Formula}}},
  volume = {67},
  year = {1960}
}

@unpublished{Starbird2007,
  address = {{University of Texas at Austin}},
  author = {Starbird, Michael},
  month = dec,
  title = {Algebraic {{Topology Lecture Notes}}},
  year = {2007}
}

@book{Stein1970,
  address = {{Princeton, N.J}},
  author = {Stein, Elias M.},
  isbn = {978-0-691-08079-6},
  lccn = {QA331.5 .S75},
  number = {30},
  publisher = {{Princeton University Press}},
  series = {Princeton Mathematical Series},
  title = {Singular Integrals and Differentiability Properties of Functions},
  year = {1970}
}

@article{Sterling1993,
  author = {Sterling, Ivan and Wente, Henry C.},
  doi = {10.1512/iumj.1993.42.42057},
  journal = {Indiana University Mathematics Journal},
  number = {4},
  pages = {1239-1266},
  title = {Existence and Classification of Constant Mean Curvature Multibubbletons of Finite and Infinite Type},
  volume = {42},
  year = {1993}
}

@article{Stohr1993,
  author = {St{\"o}hr, KO},
  doi = {10.1007/BF01231698},
  journal = {Boletim da Sociedade Brasileira de Matematica},
  number = {January},
  pages = {105-136},
  title = {On the Poles of Regular Differentials of Singular Curves},
  volume = {24},
  year = {1993}
}

@unpublished{Sullivan2005,
  author = {Sullivan, John M},
  title = {A {{Complete Family}} of {{CMC Surfaces}}},
  url = {http://torus.math.uiuc.edu/jms/Papers/triund/jms-fuk.pdf},
  year = {2005}
}

@article{Sultana2005,
  author = {Sultana, Nahid},
  pages = {1-29},
  title = {Explicit Parametrization of {{Delaunay}} Surfaces in Space Forms via Loop Group Methods},
  year = {2005}
}

@article{Swisdak2006arxiv,
  archiveprefix = {arXiv},
  arxivid = {physics/0606044},
  author = {Swisdak, M.},
  number = {4},
  pages = {1-6},
  primaryclass = {physics},
  title = {Notes on the {{Dipole Coordinate System}}},
  url = {http://arxiv.org/abs/physics/0606044},
  year = {2006}
}

@article{Swoboda2015arxiv,
  archiveprefix = {arXiv},
  arxivid = {1507.04382},
  author = {Swoboda, Jan},
  pages = {1-30},
  title = {Moduli Spaces of {{Higgs}} Bundles on Degenerating {{Riemann}} Surfaces},
  url = {http://arxiv.org/abs/1507.04382},
  year = {2015}
}

@article{Symes1980,
  author = {Symes, W. W.},
  doi = {10.1007/BF01390312},
  issn = {0020-9910, 1432-1297},
  journal = {Inventiones Mathematicae},
  language = {en},
  month = feb,
  number = {1},
  pages = {13-51},
  title = {Systems of {{Toda}} Type, Inverse Spectral Problems, and Representation Theory},
  volume = {59},
  year = {1980}
}

@incollection{Taimanov1997,
  author = {Taimanov, Iskander A.},
  booktitle = {Solitons, Geometry, and Topology: On the Crossroad},
  doi = {10.1090/trans2/179/07},
  mrclass = {53C42 (35Q99 53A05 58F07)},
  mrnumber = {1437161},
  mrreviewer = {Udo Hertrich-Jeromin},
  pages = {133-151},
  publisher = {{Amer. Math. Soc., Providence, RI}},
  series = {Amer. {{Math}}. {{Soc}}. {{Transl}}. {{Ser}}. 2},
  title = {Modified {{Novikov}}-{{Veselov}} Equation and Differential Geometry of Surfaces},
  url = {https://doi.org/10.1090/trans2/179/07},
  volume = {179},
  year = {1997}
}

@article{Taimanov1999,
  author = {Ta{\u \i}manov, I. A.},
  doi = {10/d48gwb},
  issn = {0037-4466, 1573-9260},
  journal = {Siberian Mathematical Journal},
  language = {en},
  month = nov,
  number = {6},
  pages = {1146-1156},
  shorttitle = {Finite-Gap Solutions of the Modified Novikov-Veselov Equations},
  title = {Finite-Gap Solutions of the Modified Novikov-Veselov Equations: {{Their}} Spectral Properties and Applications},
  volume = {40},
  year = {1999}
}

@article{Taimanov2003,
  author = {T{\u a}\i{}manov, I. A.},
  doi = {10/d4pb85},
  fjournal = {Ross{\u \i}\i{}skaya Akademiya Nauk. Sibirskoe Otdelenie. Institut Matematiki im. S. L. Soboleva. Sibirsk{\u \i}\i{} Matematichesk{\u \i}\i{} Zhurnal},
  issn = {0037-4474},
  journal = {Sibirsk. Mat. Zh.},
  mrclass = {34L40 (14H70 35Q55 37K20 47E05)},
  mrnumber = {2010133},
  mrreviewer = {Igor Yu. Potemine},
  number = {4},
  pages = {870-882},
  title = {On Two-Dimensional Finite-Gap Potential {{Schr{\"o}dinger}} and {{Dirac}} Operators with Singular Spectral Curves},
  volume = {44},
  year = {2003}
}

@article{Taimanov2004,
  author = {Taimanov, I A},
  fjournal = {Trudy Matematicheskogo Instituta Imeni V. A. Steklova. Ross{\u \i}\i{}skaya Akademiya Nauk},
  issn = {0371-9685},
  journal = {Tr. Mat. Inst. Steklova},
  mrclass = {53C42 (35A30 37K25 53A30 53C43 58J60)},
  mrnumber = {2075118},
  mrreviewer = {Piotr G. Grinevich},
  number = {Din. Sist. i Smezhnye Vopr. Geom.},
  pages = {249-280},
  title = {Dirac Operators and Conformal Invariants of Tori in Three-Dimensional Space},
  volume = {244},
  year = {2004}
}

@article{Taimanov2005,
  author = {Taimanov, Iskander},
  doi = {10/fvsvbw},
  issn = {1073-7928},
  journal = {International Mathematics Research Notices},
  language = {en},
  number = {2},
  pages = {103},
  title = {Finite-Gap Theory of the {{Clifford}} Torus},
  volume = {2005},
  year = {2005}
}

@article{Taimanov2006,
  author = {Taimanov, I A},
  doi = {10/b9r974},
  issn = {0036-0279, 1468-4829},
  journal = {Russian Mathematical Surveys},
  month = feb,
  number = {1},
  pages = {79-159},
  title = {Two-Dimensional {{Dirac}} Operator and the Theory of Surfaces},
  volume = {61},
  year = {2006}
}

@article{Taimanov2006a,
  author = {Taimanov, Iskander A.},
  doi = {10/dkkz57},
  fjournal = {Journal of Geometry and Physics},
  issn = {0393-0440},
  journal = {J. Geom. Phys.},
  mrclass = {37K25 (35Q53 53C42)},
  mrnumber = {2234440},
  mrreviewer = {Shimpei Kobayashi},
  number = {8},
  pages = {1235-1256},
  title = {Surfaces in the Four-Space and the {{Davey}}-{{Stewartson}} Equations},
  volume = {56},
  year = {2006}
}

@article{Thurston1982,
  author = {Thurston, William P.},
  doi = {10.1090/S0273-0979-1982-15003-0},
  issn = {0273-0979},
  journal = {Bulletin of the American Mathematical Society},
  number = {3},
  pages = {357-382},
  title = {Three Dimensional Manifolds, {{Kleinian}} Groups and Hyperbolic Geometry},
  volume = {6},
  year = {1982}
}

@incollection{Tian2016,
  address = {{Tokyo}},
  author = {Tian, Gang},
  booktitle = {Geometry and {{Topology}} of {{Manifolds}}},
  doi = {10.1007/978-4-431-56021-0_18},
  editor = {Futaki, Akito and Miyaoka, Reiko and Tang, Zizhou and Zhang, Weiping},
  isbn = {978-4-431-56019-7 978-4-431-56021-0},
  pages = {327-348},
  publisher = {{Springer Japan}},
  title = {Futaki {{Invariant}} and {{CM Polarization}}},
  url = {http://link.springer.com/10.1007/978-4-431-56021-0_18},
  urldate = {2019-07-31},
  volume = {154},
  year = {2016}
}

@article{Uhlenbeck1989,
  author = {Uhlenbeck, Karen},
  doi = {10.1142/S0217732389001477},
  issn = {0217-7323},
  journal = {Journal of Differential Geometry},
  number = {1},
  pages = {1-50},
  title = {Harmonic Maps into {{Lie}} Groups: Classical Solutions of the Chiral Model},
  volume = {30},
  year = {1989}
}

@article{Valli1988,
  author = {Valli, Giorgio},
  doi = {10.1016/0040-9383(88)90032-8},
  issn = {00409383},
  journal = {Topology},
  number = {2},
  pages = {129-136},
  title = {On the Energy Spectrum of Harmonic 2-Spheres in Unitary Groups},
  volume = {27},
  year = {1988}
}

@article{Ville2015arxiv,
  archivePrefix = {arXiv},
  author = {Ville, Marina},
  eprint = {1503.07229},
  eprinttype = {arxiv},
  journal = {arXiv:1503.07229 [math]},
  month = mar,
  primaryClass = {math},
  title = {Desingularization of Branch Points of Minimal Surfaces in \$\textbackslash{}mathbb\{\vphantom\}{{R}}\vphantom\{\}\^4\$ ({{II}})},
  url = {http://arxiv.org/abs/1503.07229},
  urldate = {2019-07-31},
  year = {2015}
}

@misc{Voevodsky2011,
  author = {Voevodsky, V},
  title = {Univalent Foundations of Mathematics},
  url = {http://link.springer.com/chapter/10.1007/978-3-642-20920-8_4},
  year = {2011}
}

@article{Walter1987,
  author = {Walter, Rolf},
  doi = {10.1007/BF00181275},
  issn = {0046-5755, 1572-9168},
  journal = {Geometriae Dedicata},
  language = {en},
  month = jun,
  number = {2},
  title = {Explicit Examples to the {{H}}-Problem of {{Heinz Hopf}}},
  volume = {23},
  year = {1987}
}

@article{Wells2015arxiv,
  archiveprefix = {arXiv},
  arxivid = {arXiv:1504.04405v1},
  author = {Wells, Raymond O},
  pages = {1-81},
  title = {The {{Origins}} of {{Complex Geometry}} in the 19th},
  year = {2015}
}

@article{Wente1986,
  author = {Wente, Henry C.},
  doi = {10.2140/pjm.1986.121.193},
  issn = {0030-8730},
  journal = {Pacific Journal of Mathematics},
  number = {1},
  pages = {193-243},
  title = {Counterexample to a Conjecture of {{H}}. {{Hopf}}},
  volume = {121},
  year = {1986}
}

@incollection{Wentworth2016,
  address = {{Cham}},
  author = {Wentworth, Richard},
  booktitle = {Geometry and {{Quantization}} of {{Moduli Spaces}}},
  collaborator = {Fock, Vladimir and Marshakov, Andrey and Schaffhauser, Florent and Teleman, Constantin and Wentworth, Richard},
  doi = {10.1007/978-3-319-33578-0_4},
  editor = {Alvarez Consul, Luis and Andersen, J{\o}rgen Ellegaard and {Mundet i Riera}, Ignasi},
  isbn = {978-3-319-33577-3 978-3-319-33578-0},
  language = {en},
  pages = {165-219},
  publisher = {{Springer International Publishing}},
  title = {Higgs {{Bundles}} and {{Local Systems}} on {{Riemann Surfaces}}},
  url = {http://link.springer.com/10.1007/978-3-319-33578-0_4},
  urldate = {2019-06-03},
  year = {2016}
}

@book{Whitney1972,
  address = {{Reading, Massachusetts}},
  author = {Whitney, Hassler},
  publisher = {{Addison-Wesley Publishing Co.}},
  title = {Complex Analytic Varieties},
  url = {https://books.google.com.au/books?id=lRGoAAAAIAAJ},
  year = {1972}
}

@book{Whittaker1915,
  address = {{Cambridge}},
  author = {Whittaker, E. T. and Watson, G N},
  edition = {second},
  isbn = {0-521-09189-6},
  publisher = {{Cambridge University Press}},
  title = {A Course of Modern Analysis},
  year = {1915}
}

@book{Wood2011,
  author = {Wood, John C. and Loubeau, E and Montaldo, S},
  isbn = {978-0-8218-4987-3},
  publisher = {{American Mathematical Society}},
  series = {Contemporary Mathematics - {{American Mathematical Society}}},
  title = {Harmonic {{Maps}} and {{Differential Geometry}}: {{A Harmonic Map Fest}} in {{Honour}} of {{John C}}. {{Wood}}'s 60th {{Birthday}}, {{September}} 7-10, 2009, {{Cagliari}}, {{Italy}}},
  url = {https://books.google.com.au/books?id=QNcbCAAAQBAJ},
  year = {2011}
}

@misc{zotero-899,
  title = {[Math/9907104v1] {{Orderings}} of Mapping Class Groups after {{Thurston}}},
  url = {https://arxiv.org/abs/math/9907104v1},
  urldate = {2019-08-30}
}


